@Article{Cohen:Daubechies:Vial:1993,
	Title = {Wavelets on the Interval and Fast Wavelet Transforms},
	Author = {Albert Cohen and Ingrid Daubechies and Pierre Vial},
	Journal = {Applied and Computational Harmonic Analysis},
	Year = {1993},
	Month = {12},
	Number = {1},
	Pages = {54--81},
	Volume = {1},
	Doi = {10.1006/acha.1993.1005},
}

@Article{Strang:1989,
	Title = {Wavelets and Dilation Equations: A Brief Introduction},
	Author = {Gilbert Strang},
	Journal = {SIAM Review},
	Year = {1989},
	Volume = {31},
	Number = {4},
	Pages = {614--627},
	Doi = {10.1137/1031128}
}

@Book{Mallat:2009,
	Title = {A Wavelet Tour of Signal Processing},
	Subtitle = {The Sparse Way},
	Author = {St{\' e}phane Mallat},
	Year = {2009},
	Edition = {3},
	Publisher = {Academic Press}
}

